@ARTICLE{Shara2023c,
       author = {{Shara}, Michael M. and {Lanzetta}, Kenneth M. and {Garland}, James T. and {Gromoll}, Stefan and {Valls-Gabaud}, David and {Walter}, Frederick M.},
        author+an = {3=highlight},
        title = "{Introducing the Condor Array Telescope: IV. A possible nova super-remnant surrounding the putative recurrent nova KT Eridani}",
      journal = {\mnras},
         year = 2023,
        note = "Under review"
}

@ARTICLE{Shara2023b,
       author = {{Shara}, Michael M. and {Lanzetta}, Kenneth M. and {Garland}, James T. and {Gromoll}, Stefan and {Valls-Gabaud}, David and {Walter}, Frederick M.},
        author+an = {3=highlight},
        title = "{Introducing the Condor Array Telescope: III. The expansion and age of the shell of the dwarf nova Z Camelopardalis, and detection of a second, larger shell}",
      journal = {\mnras},
         year = 2023,
        note = "Under review"
}

@ARTICLE{Lanzetta2023,
       author = {{Lanzetta}, Kenneth M. and {Gromoll}, Stefan and {Shara}, Michael M. and {Berg}, Stephen and {Garland}, James and {Mancini}, Evan},
        author+an = {5=highlight},
        title = "{Introducing the Condor Array Telescope. II. Deep imaging observations of the edge-on spiral galaxy NGC 5907 and the NGC 5866 Group: yet another view of the iconic stellar stream}",
      journal = {\mnras},
         year = 2023,
        note = "Under review"
}

@ARTICLE{Sharma2023,
       author = {{Sharma}, Anubhav and {Masters}, Karen L. and {Stark}, David V. and {Garland}, James and {Drory}, Niv and {Weijmans}, Anne-Marie},
        author+an = {4=highlight},
        title = "{HI rich but low star formation galaxies in MaNGA: Physical properties and comparison to control camples}",
      journal = {\mnras},
         year = 2023,
        doi = {10.1093/mnras/stad2695}
}

@ARTICLE{Shara2023a,
       author = {{Shara}, Michael M. and {Howell}, Steve B. and {Furlan}, Elise and {Garland}, James T. and {Moffat}, Anthony F.~J. and {Zurek}, David},
        author+an = {4=highlight},
        title = "{Speckle imaging of {\ensuremath{\gamma}}$^{2}$ Velorum: the inner wind possibly resolved}",
      journal = {\mnras},
    volume = {525},
    number = {2},
    pages = {3195-3200},
     keywords = {stars:atmospheres stars:Wolf-Rayet stars:individual:Gamma2 Velorum techniques:high angular resolution, Astrophysics - Solar and Stellar Astrophysics},
         year = 2023,
        %month = aug,
          doi = {10.1093/mnras/stad2482},
archivePrefix = {arXiv},
       eprint = {2308.07443},
 primaryClass = {astro-ph.SR},
       adsurl = {https://ui.adsabs.harvard.edu/abs/2023MNRAS.tmp.2373S},
      adsnote = {Provided by the SAO/NASA Astrophysics Data System}
}

@ARTICLE{Shara2018,
       author = {{Shara}, Michael M. and {Doyle}, Trisha F. and {Pagnotta}, Ashley and {Garland}, James T. and {Lauer}, Tod R. and {Zurek}, David and {Baltz}, Edward A. and {Goerl}, Ariel and {Kovetz}, Attay and {Machac}, Tamara and {Madrid}, Juan P. and {Miko{\l}ajewska}, Joanna and {Neill}, J.~D. and {Prialnik}, Dina and {Welch}, D.~L. and {Yaron}, Ofer},
        author+an = {4=highlight},
        title = "{A Hubble Space Telescope survey for novae in M87 - III. Are novae good standard candles 15 d after maximum brightness?}",
      journal = {\mnras},
     keywords = {techniques: imaging spectroscopy, novae, cataclysmic variables, Astrophysics - Solar and Stellar Astrophysics, Astrophysics - Astrophysics of Galaxies, Astrophysics - High Energy Astrophysical Phenomena},
         year = 2018,
        %month = feb,
       volume = {474},
       number = {2},
        pages = {1746-1751},
          doi = {10.1093/mnras/stx2873},
archivePrefix = {arXiv},
       eprint = {1702.06988},
 primaryClass = {astro-ph.SR},
       adsurl = {https://ui.adsabs.harvard.edu/abs/2018MNRAS.474.1746S},
      adsnote = {Provided by the SAO/NASA Astrophysics Data System},
}

@ARTICLE{Leigh2017,
       author = {{Leigh}, Nathan W.~C. and {Geller}, Aaron M. and {Shara}, Michael M. and {Garland}, James and {Clees-Baron}, Harper and {Ahmed}, Alejandro},
        author+an = {4=highlight},
        title = "{Small-N collisional dynamics - III: The battle for the realm of not-so-small-N}",
      journal = {\mnras},
     keywords = {gravitation, scattering, methods: analytical, binaries: close, stars: kinematics and dynamics, globular clusters: general, Astrophysics - Solar and Stellar Astrophysics, Physics - Classical Physics},
         year = 2017,
        %month = oct,
       volume = {471},
       number = {2},
        pages = {1830-1840},
          doi = {10.1093/mnras/stx1704},
archivePrefix = {arXiv},
       eprint = {1707.01911},
 primaryClass = {astro-ph.SR},
       adsurl = {https://ui.adsabs.harvard.edu/abs/2017MNRAS.471.1830L},
      adsnote = {Provided by the SAO/NASA Astrophysics Data System}
}







